@inbook{Klein92,
  author = {Klein, Wolfgang},
  title = {Zweitspracherwerb},
  year = {1992},
  publisher = {Anton Hain},
  address = {Frankfurt am Main},
  pages = {13--42},
  chapter = {1. Einige Formen des Spracherwerbs, einige elementare Tatsachen, einige wichtige Fragen, einige bekannte Theorien}
}

@inbook{Krefeld04,
  author = {Krefeld, Thomas},
  title = {Einführung in die Migrationslinguistik},
  year = {2004},
  publisher = {Gunter Narr Verlag},
  address = {Tübingen},
  pages = {19--33},
  chapter = {2. Der Kommunikative Raum}
}

@article{Milroy93,
  author = {Milroy, James and Milroy, Lesley},
  title = {Mechanisms of change in urban dialects: the role of class, social network and gender},
  journal = {International Journal of Applied Linguistics},
  year = {1993},
  volume = {3},
  number = {1}
}

@incollection{Thomason03,
  author = {Thomason, Sarah Grey},
  editor = {Joseph, Brian D. and Janda, Richard D.},
  title = {Contact as a Source of Language Change},
  booktitle = {The Handbook of Historical Linguistics},
  year = {2003},
  publisher = {Blackwell Publishing Ltd},
  address = {Oxford, UK},
  pages = {687--712}
}

@article{Zentella90,
    author = {Zentella, Ana Celia},
    title = {Lexical Leveling in Four New York City Spanish Dialects:
            Linguistic and Social Factors},
    journal = {Hispania},
    volume = {73},
    number = {4},
    year = {1990}
}

@incollection{Zentella07,
 author = {Zentella, Ana Celia},
 editor = {Juan Flores and Renato Rosaldo},
 title = {``Dime con quién hablas, y te diré quién eres'':
          Linguistic (In)security and Latina/o Unity},
 booktitle = {A Companion to Latina/o Studies},
 year = {2007},
 pages = {25--37},
 publisher = {Wiley-Blackwell}
}

