@article{HarOu02,
    author = {Hars, Alexander and Ou, Shaosong},
    title = {Working for Free? Motivations for Participating in Open-Source Projects},
    journal = {Int. J. Electron. Commerce},
    volume = {6},
    number = {3},
    month = apr,
    year = {2002},
    pages = {25--39},
    publisher = {M. E. Sharpe, Inc.},
    address = {Armonk, NY, USA}
}

@misc{Mabb14,
    title = {Wlan f√ºr alle: Freie Funknetze in der Praxis},
    publisher = {Medienanstalt Berlin Brandenburg},
    year = {2014},
    key = {Mabb}
}

@inbook {LakWo05,
    author = {Karim Lakhani and Robert Wolf},
    title = {Why Hackers Do What They Do: Understanding Motivation and Effort in Free/Open Source Software Projects.},
    booktitle = {Perspectives on Free and Open Source Software},
    editor = {Joesph Feller and Brian Fitzgerald and Scott Hissam and Karim Lakhani},
    year = {2005},
    publisher = {MIT Press},
    address = {Cambridge}
}
