@book{Albornoz1952,
    author = {Albornoz de Videla, Graciela},
    title = {Evita: Libro de lectura para primer grado inferior},
    year = {1952},
    publisher = {Editorial Luis Lasserre},
    address = {Buenos Aires},
    edition = {Primera edición}
}

@incollection{Chamosa2010,
    author = {Chamosa, Oscar},
    booktitle = {The New Cultural History of Peronism: Power and Identity in Mid-Twentieth-Century Argentina},
    title = {Criollo and Peronist: The Argentine Folklore Movement during the First Peronism, 1943-1955},
    year = {2010},
    publisher = {Duke University Press},
    address = {Durham/London}
}

@inbook{GKS2016,
    author = {Griffiths, Heather and Kerins, Nathan and Strayer, Eric and Cody-Rydzweski, Susan and Scaramuzzo, Gail and Sadler Tommy, and Vyaun, Sally and Bry, Jeff and Jones, Faye},
    title = {Introduction to Sociology 2e},
    year = {2016},
    publisher = {OpenStax/Rice University},
    address = {Houston, Texas},
    pages = {51-75},
    edition = {Second edition}
}

@inbook{SzIr2009,
    editor = {Szurmuk, Mónica and Irwin, Robert Mckee},
    title = {Diccionario de estudios culturales latinoamericanos},
    year = {2009},
    publisher = {Siglo Veintiuno Editores},
    address = {México D.F.},
    pages = {47-50, 71-75, 177-182}
}

