@book{ElHachmi2008,
    author = {El Hachmi, Najat},
    title = {L'últim patriarca},
    year = {2008},
    publisher = {Planeta},
    address = {Carrer Peu de la creu, 4, Barcelona}
}


@techreport{TarPaGa2013,
 author = {Tarrés, Iban and Paül, Daniel and Ganau, Joan},
 title = {La població estrangera a Catalunya},
 intitution = {Universitat de Lleida, Càtedra Repsol de Competitivitat i Desenvolupament Regional},
 series = {Apunts de prospectiva territorial},
 year = {2013},
 month = {may},
 number = {2}
}


