@article{Freeman1972,
  author = {Freeman, Jo},
  title = {The Tyranny of Structurelessness},
  year = {1972},
  journal = {Berkeley Journal of Sociology},
  volume = {17},
  pages = {151-165},
  url = {http://www.jofreeman.com/joreen/tyranny.htm}
}

@inproceedings{Latour2010,
  author = {Latour, Bruno},
  title = {Networks, Societies, Spheres of an Actor-Network Theorist},
  booktitle = {International Seminar on the Network Theory: Network: Network Multidimensionality in the Digital Age},
  year = {2010},
  address = {Los Angeles}
}

@incollection{Rieder2012,
  author = {Rieder, Bernhard},
  title = {Institutionalizing without Institutions? Web 2.0 and the Conundrum of Democracy},
  editor = {Massit-Folléa, F. and Méadel, C. and Monnoyer-Smith, L.}
  year = {2012},
  booktitle = {Normative experience in internet politics},
  publisher = {Transvalor-Presses des Mines},
  address = {Paris},
  pages = {157-186}
}

@article{Vaseva2016,
  author = {Vaseva, Lyudmila},
  title = {Am Anfang war der Hackathon.},
  year = {2016},
  journal = {Lateinamerika Nachrichten},
  volume = {504},
  pages = {35-48},
  url = {lateinamerika-nachrichten.de/?aaartikel=am-anfang-war-der-hackathon}
}

@article{Venturini2010,
  author = {Venturini, Tommaso},
  title = {Building on faults: How to represent controversies with digital methods},
  year = {2010},
  journal = {Public Understanding of Science},
  volume = {21},
  pages = {796-812}
}
