@incollection{Haberzettl06,
 author = {Haberzettl, Stefanie},
 editor = {Fischer, Kerstin and Stefanowitsch, Anatol},
 title = {Konstruktionen im Zweitspracherwerb},
 booktitle = {Konstruktionsgrammatik : Von der Anwendung zur Theorie},
 year = {2006},
 pages = {55--77},
 publisher = {Stauffenburg Linguistik}
}

@book{Haberzettl05,
    author = {Haberzettl, Stefanie},
    title = {Der Erwerb der Verbstellungsregeln
    in der Zweitsprache Deutsch
    durch Kinder mit russischer
    und türkischer Muttersprache
    },
    year = 2005,
    publisher = {Max Niemeyer Verlag},
    address = {Tübingen}
}

@book{Ziem13,
    author = {Ziem, Alexander and Lasch, Alexander},
    title = {Konstruktionsgrammatik: Konzepte und Grundlagen gebrauchsbasierter Ansätze},
    year = {2013},
    publisher = {De Gruyter},
    address = {Berlin}
}

@phdthesis{Wong-Fillmore76,
      author = {Wong-Fillmore, Lily},
      title = {The Second Time Around: Cognitive And Social Strategies in Second Language Acquisition},
      year = 1976,
      school = {Stanford University}
}

@article{scikit-learn,
 title={Scikit-learn: Machine Learning in {P}ython},
 author={Pedregosa, F. and Varoquaux, G. and Gramfort, A. and Michel, V.
          and Thirion, B. and Grisel, O. and Blondel, M. and Prettenhofer, P.
          and Weiss, R. and Dubourg, V. and Vanderplas, J. and Passos, A. and
          Cournapeau, D. and Brucher, M. and Perrot, M. and Duchesnay, E.},
 journal={Journal of Machine Learning Research},
 volume={12},
 pages={2825--2830},
 year={2011}
}

@inproceedings{Joachims:1998:TCS:645326.649721,
 author = {Joachims, Thorsten},
 title = {Text Categorization with Suport Vector Machines: Learning with Many Relevant Features},
 booktitle = {Proceedings of the 10th European Conference on Machine Learning},
 series = {ECML '98},
 year = {1998},
 isbn = {3-540-64417-2},
 pages = {137--142},
 numpages = {6},
 url = {http://dl.acm.org/citation.cfm?id=645326.649721},
 acmid = {649721},
 publisher = {Springer-Verlag},
 address = {London, UK, UK},
}
