@article{Beehler1988,
    author = {Beehler, Sharon A.},
    title = {Close vs. Closed Reading: Interpreting the Clues},
    journal = {The English Journal},
    volume = {77},
    number = {6},
    year = {1988},
    pages = {39--43}
}

@article{Duncan1992,
    author = {Duncan, Cynthia},
    title = {Reading against the grain of Pablo Neruda's love poetry: A feminist perspective},
    journal = {Romance Languages Annual},
    volume = {4},
    year = {1992},
    pages = {431--437}
}

@article{Gallop2007,
    author = {Gallop, Jane},
    title = {The Historicization of Literary Studies and the Fate of Close Reading},
    journal = {Profession},
    year = {2007},
    pages = {181--186}
}

@article{Kolodny1980,
    author = {Kolodny, Annette},
    title = {Dancing through the Minefield: Some Observations on the Theory, Practice and Politics of a Feminist Literary Criticism},
    journal = {Feminist Studies},
    volume = {6},
    number = {1},
    year = {1980},
    pages = {1--25}
}

@book{Neruda1924,
    author = {Neruda, Pablo},
    title = {Veinte poemas de amor y una canción desesperada},
    year = {1924},
    publisher = {},
    address = {}
}

@book{Neruda1952,
    author = {Neruda, Pablo},
    title = {Los versos del capitán},
    year = {1952},
    publisher = {},
    address = {}
}

@book{Neruda1959,
    author = {Neruda, Pablo},
    title = {Cien sonetos de amor},
    year = {1959},
    publisher = {},
    address = {}
}

@book{Penny2014,
    author = {Penny, Laurie},
    title = {Unspeakable Things: Sex, Lies and Revolution},
    year = {2014},
    publisher = {Bloomsbury},
    address = {London}
}

@article{Rich1972,
    author = {Rich, Adrienne},
    title = {When We Dead Awaken: Writing as Re-Vision},
    journal = {College English},
    volume = {34},
    number = {1},
    year = {1972},
    pages = {18--30}
}

